@inproceedings{HM04,
 author = {Sariel Har-Peled and Soham Mazumdar},
 title = {On Coresets for K-means and K-median Clustering},
 booktitle = {STOC},
 year = {2004},
 pages = {291--300}
}

@inproceedings{Chen06,
 author = {Ke Chen},
 title = {On k-Median Clustering in High Dimensions},
 booktitle = {SODA},
 year = {2006},
 pages = {1177--1185}
} 

@inproceedings{AV07,
 author = {Arthur, David and Vassilvitskii, Sergei},
 title = {k-means++: The Advantages of Careful Seeding},
 booktitle = {SODA},
 year = {2007},
 pages = {1027--1035}
} 

@inproceedings{ZD+13,
 author = {Zaharia, Matei and Das, Tathagata and Li, Haoyuan and Hunter Timothy and Shenker Scott and Stoica Ion},
 title = {Discretized Streams: Fault-tolerant Streaming Computation at Scale},
 booktitle = {SOSP},
 year = {2013},
 pages = {423--438}
} 

@inproceedings{MacQueen67,
  author = {MacQueen, J. B.},
  title = {Some Methods for Classification and Analysis of MultiVariate Observations},
  booktitle = {Proc. of the fifth Berkeley Symposium on Mathematical Statistics and Probability},
  year = {1967},
  pages = {281-297}
}

@inproceedings{FL11,
 author = {Feldman, Dan and Langberg, Michael},
 title = {A Unified Framework for Approximating and Clustering Data},
 booktitle = {STOC},
 year = {2011},
 pages = {569--578}
}

@inproceedings{ADK09,
  author    = {Ankit Aggarwal and
               Amit Deshpande and
               Ravi Kannan},
  title     = {Adaptive Sampling for k-Means Clustering},
  booktitle = {APPROX/RANDOM},
  year      = {2009},
  pages     = {15--28}
}

@inproceedings{SWM11,
  author    = {Michael Shindler and Alex Wong and Adam Meyerson},
  title     = {Fast and Accurate k-means For Large Datasets},
  booktitle = {NIPS},  
  year      = {2011},
  pages     = {2375--2383}
}

@inproceedings{AJM09,
 author = {Nir Ailon and Ragesh Jaiswal and Claire Monteleoni},
 title = {Streaming k-means approximation},
 booktitle = {NIPS},
 year = {2009},
 pages = {10--18}
}

@inproceedings{AD14,
  author    = {Margareta Ackerman and Sanjoy Dasgupta},
  title     = {Incremental Clustering: The Case for Extra Clusters},
  booktitle = {NIPS},
  year      = {2014},
  pages     = {307--315}
}

@inproceedings{ZRL96,
 author = {Zhang, Tian and Ramakrishnan, Raghu and Livny, Miron},
 title = {BIRCH: An Efficient Data Clustering Method for Very Large Databases},
 booktitle = {{SIGMOD}},
 year = {1996},
 pages = {103--114}
} 

@inproceedings{AHW+03,
 author = {Aggarwal, Charu C. and Han, Jiawei and Wang, Jianyong and Yu, Philip S.},
 title = {A Framework for Clustering Evolving Data Streams},
 booktitle = {{PVLDB}},
 year = {2003},
 pages = {81--92}
} 

@inproceedings{BMO+11,
 author = {Braverman, Vladimir and Meyerson, Adam and Ostrovsky, Rafail and Roytman Alan and Shindler Michael and Tagiku Brian},
 title = {Streaming K-means on Well-clusterable Data},
 booktitle = {SODA},
 year = {2011},
 pages = {26--40}
} 

@inproceedings{FSS13,
 author = {Feldman, Dan and Schmidt, Melanie and Sohler, Christian},
 title = {Turning Big Data into Tiny Data: Constant-size Coresets for K-means, PCA and Projective Clustering},
 booktitle = {SODA},
 year = {2013},
 pages = {1434--1453}
} 


@article{BMV+12,
 author = {Bahmani, Bahman and Moseley, Benjamin and Vattani, Andrea and Kumar, Ravi and Vassilvitskii, Sergei},
 title = {{Scalable K-means++}},
 journal = {PVLDB},
 volume = {5},
 year = {2012},
 pages = {622--633}
} 


@article{BS80,
 author = "Jon Louis Bentley and James B Saxe",
 title = "Decomposable searching problems I. Static-to-dynamic transformation",
 journal = "Journal of Algorithms",
 volume = "1",
 year = "1980",
 pages = "301 - 358"
}

@article{MBY+15,
  author    = {Xiangrui Meng and Joseph K. Bradley and Burak Yavuz and et al.},
  title     = {{MLlib: Machine Learning in Apache Spark}},
  journal   = {J. Machine Learning Research},
  volume    = {17},
  year = {2016},
  pages = {1235--1241}
}
 

@article{AMR+12,
  author    = {Ackermann, Marcel R. and M\"{a}rtens, Marcus and Raupach, Christoph and Swierkot, Kamil and Lammersen, Christiane and Sohler, Christian},
  title     = {StreamKM++: A Clustering Algorithm for Data Streams},
  journal   = {J. Exp. Algorithmics},
  volume    = {17},
  number    = {1},
  year = {2012},
  pages = {2.4:2.1--2.4:2.30},
}


@article{GMM+03,
  author    = {Guha, Sudipto and Meyerson, Adam and Mishra, Nina and Motwani, Rajeev and O'Callaghan, Liadan},
  title     = {Clustering Data Streams: Theory and Practice},
  journal   = {IEEE TKDE},
  volume    = {15},
  number    = {3},
  year      = {2003},
  pages     = {515--528}
}

@article{Lloyd82,
  author    = {Stuart Lloyd},
  title     = {Least squares quantization in {PCM}},
  journal   = {IEEE Trans. Information Theory},
  volume    = {28},
  number    = {2},
  year      = {1982},
  pages     = {129--136}
}


@article{KMN+04,
  author = {Kanungo, Tapas and Mount, David M. and Netanyahu, Nathan S. and Piatko, Christine D. and Silverman, Ruth and Wu, Angela Y.},
  title = {A local search approximation algorithm for k-means clustering},
  journal = "Computational Geometry",
  volume = "28",
  number = "2 - 3",
  pages = "89 - 112",
  year = "2004"
}


@article{AHV04,
 author = {Agarwal, Pankaj K. and Har-Peled, Sariel and Varadarajan, Kasturi R.},
 title = {Approximating Extent Measures of Points},
 journal = {J. ACM},
 volume = {51},
 number = {4},
 year = {2004},
 pages = {606--635}
} 

@article{HK07,
 author = {Har-Peled, Sariel and Kushal, Akash},
 title = {Smaller Coresets for k-Median and k-Means Clustering},
 journal = {Discrete Computational Geometry},
 volume = {37},
 number = {1},
 year = {2007},
 pages = {3--19}
} 

@article{BHK+10,
  author    = {Bifet, Albert and Holmes, Geoff and Kirkby, Richard and Pfahringer, Bernhard},
  title     = {{MOA: Massive Online Analysis}},
  journal   = {J. Machine Learning Research},
  volume    = {11},
  year      = {2010},
  pages     = {1601--1604}
}

@article{BGE+16,
author = {Jean Paul Barddal and Heitor Murilo Gomes and Fabricio Enembreck and Jean Paul Barthes},
title = {{SNCStream+: Extending a high quality true anytime data stream clustering algorithm}},
journal = "Information Systems ",
volume = "62",
year = "2016",
pages = "60 -- 73"
}


@incollection{Aggarwal13a,
  author    = {Charu C. Aggarwal},
  title     = {A Survey of Stream Clustering Algorithms},
  booktitle = {Data Clustering: Algorithms and Applications},
  pages     = {231--258},
  year      = {2013}
}


@misc{Lichman13,
  author = "M. Lichman",
  year = "2013",
  title = "{UCI} Machine Learning Repository",
  url = "http://archive.ics.uci.edu/ml",
  institution = "University of California, Irvine, School of Information and Computer Sciences" 
}

@misc{Frahling12,
  author = "G. Frahling",
  title = "University of Paderborn",
  howpublished = {\url{http://homepages.uni-paderborn.de/frahling/coremeans.html}}
}

misc{full-version,
  author = {Yu Zhang and Kanat Tangwongsan and Srikanta Tirthapura},
  title = {Streaming Algorithms for k-Means Clustering with Fast Queries},
  howpublished = {\url{https://arxiv.org/abs/1701.03826}}
}
 